@article{ refId0,
	author = {{Antonietti, Paola F.} and {Pacciarini, Paolo} and {Quarteroni, Alfio}},
	title = {A discontinuous Galerkin reduced basis element method for
          elliptic problems},
	DOI= "10.1051/m2an/2015045",
	url= "https://doi.org/10.1051/m2an/2015045",
	journal = {ESAIM: M2AN},
	year = 2016,
	volume = 50,
	number = 2,
	pages = "337-360",
	month = "",
}
